<?xml version="1.0" encoding="UTF-8"?>
<collection xmlns="http://www.loc.gov/MARC21/slim">
  <!-- leader/06 t /07 b - other -->
  <record>
    <leader>01952ctb  2200457Ia 45í0</leader>
    <controlfield tag="001">aleader06t07b</controlfield>
    <controlfield tag="008">780930m19391944nyu           000 0 eng d</controlfield>
    <datafield tag="245" ind1="1" ind2="0">
      <subfield code="a">other (not book): leader/06 t /07 b</subfield>
    </datafield>
  </record>