
  <!-- leader/06 a /07 s 008/21 blank - serial publication -->
  <record>
    <leader>01952cas  2200457Ia 45í0</leader>
    <controlfield tag="001">aleader06a07s</controlfield>
    <controlfield tag="008">780930m19391944nyu           000 0 eng d</controlfield>
    <datafield tag="245" ind1="1" ind2="0">
      <subfield code="a">Serial Publication: leader/06 a /07 s 008/21 blank</subfield>
    </datafield>
  </record>