
  <!-- leader/06 t /07 a - book -->
  <record>
    <leader>01952cta  2200457Ia 45í0</leader>
    <controlfield tag="001">aleader06t07a</controlfield>
    <controlfield tag="008">780930m19391944nyu           000 0 eng d</controlfield>
    <datafield tag="245" ind1="1" ind2="0">
      <subfield code="a">book: leader/06 t /07 a</subfield>
    </datafield>
  </record>