
  <!-- leader/06 e - globe -->
  <record>
    <leader>01952ced  2200457Ia 45í0</leader>
    <controlfield tag="001">aleader06e</controlfield>
    <controlfield tag="008">780930m19391944nyu           000 0 eng d</controlfield>
    <datafield tag="245" ind1="1" ind2="0">
      <subfield code="a">globe: leader/06 e</subfield>
    </datafield>
  </record>