
  <!-- leader/06 f - map -->
  <record>
    <leader>01952cfd  2200457Ia 45í0</leader>
    <controlfield tag="001">aleader06f</controlfield>
    <controlfield tag="008">780930m19391944nyu           000 0 eng d</controlfield>
    <datafield tag="245" ind1="1" ind2="0">
      <subfield code="a">map: leader/06 f</subfield>
    </datafield>
  </record>