
  <!-- leader/06 k 008/33 w - other -->
  <record>
    <leader>01952ckd  2200457Ia 45í0</leader>
    <controlfield tag="001">aleader06k00833w</controlfield>
    <controlfield tag="008">780930m19391944nyu           000 w eng d</controlfield>
    <datafield tag="245" ind1="1" ind2="0">
      <subfield code="a">other (not image): leader/06 k 008/33 w</subfield>
    </datafield>
  </record>