
  <!-- leader/06 k 008/33 s - image -->
  <record>
    <leader>01952ckd  2200457Ia 45í0</leader>
    <controlfield tag="001">aleader06k00833s</controlfield>
    <controlfield tag="008">780930m19391944nyu           000 s eng d</controlfield>
    <datafield tag="245" ind1="1" ind2="0">
      <subfield code="a">image: leader/06 k 008/33 s</subfield>
    </datafield>
  </record>