
  <!-- leader/06 g 008/33 v - video -->
  <record>
    <leader>01952cgd  2200457Ia 45í0</leader>
    <controlfield tag="001">aleader06g00833v</controlfield>
    <controlfield tag="008">780930m19391944nyu           000 v eng d</controlfield>
    <datafield tag="245" ind1="1" ind2="0">
      <subfield code="a">video: leader/06 g 008/33 v</subfield>
    </datafield>
  </record>