
  <!-- leader/06 i - audio non-music -->
  <record>
    <leader>01952cid  2200457Ia 45í0</leader>
    <controlfield tag="001">aleader06i</controlfield>
    <controlfield tag="008">780930m19391944nyu           000 v eng d</controlfield>
    <datafield tag="245" ind1="1" ind2="0">
      <subfield code="a">audio non-music: leader/06 i</subfield>
    </datafield>
  </record>