
  <!-- leader/06 j - music-audio -->
  <record>
    <leader>01952cjd  2200457Ia 45í0</leader>
    <controlfield tag="001">aleader06j</controlfield>
    <controlfield tag="008">780930m19391944nyu           000 v eng d</controlfield>
    <datafield tag="245" ind1="1" ind2="0">
      <subfield code="a">music-audio: leader/06 j</subfield>
    </datafield>
  </record>