
  <!-- leader/06 c - music-score -->
  <record>
    <leader>01952ccd  2200457Ia 45í0</leader>
    <controlfield tag="001">aleader06c</controlfield>
    <controlfield tag="008">780930m19391944nyu           000 v eng d</controlfield>
    <datafield tag="245" ind1="1" ind2="0">
      <subfield code="a">music-score: leader/06 c</subfield>
    </datafield>
  </record>