
  <!-- leader/06 p - manuscript/archive -->
  <record>
    <leader>01952cpd  2200457Ia 45í0</leader>
    <controlfield tag="001">aleader06p</controlfield>
    <controlfield tag="008">780930m19391944nyu           000 v eng d</controlfield>
    <datafield tag="245" ind1="1" ind2="0">
      <subfield code="a">manuscript: leader/06 p (mixed materials)</subfield>
    </datafield>
  </record>