
  <!-- leader/06 r - other (object) -->
  <record>
    <leader>01952crd  2200457Ia 45í0</leader>
    <controlfield tag="001">aleader06r</controlfield>
    <controlfield tag="008">780930m19391944nyu           000 v eng d</controlfield>
    <datafield tag="245" ind1="1" ind2="0">
      <subfield code="a">other (object): leader/06 r</subfield>
    </datafield>
  </record>