
  <!-- 502 - thesis -->
  <record>
    <leader>01952cad  2200457Ia 45í0</leader>
    <controlfield tag="001">a502</controlfield>
    <controlfield tag="008">780930m19391944nyu           000 v eng d</controlfield>
    <datafield tag="245" ind1="1" ind2="0">
      <subfield code="a">thesis: has 502</subfield>
    </datafield>
    <datafield tag="502" ind1=" " ind2=" ">
      <subfield code="a">dissertation note field; we don't care about the contents</subfield>
    </datafield>
  </record>