
  <!-- leader/06 o - other (kit) -->
  <record>
    <leader>01952cod  2200457Ia 45í0</leader>
    <controlfield tag="001">aleader06o</controlfield>
    <controlfield tag="008">780930m19391944nyu           000 v eng d</controlfield>
    <datafield tag="245" ind1="1" ind2="0">
      <subfield code="a">other (instructional kit): leader/06 o</subfield>
    </datafield>
  </record>