
  <!-- leader/06 m 008/26 a - data -->
  <record>
    <leader>01952cmd  2200457Ia 45í0</leader>
    <controlfield tag="001">aleader06m00826a</controlfield>
    <controlfield tag="008">780930m19391944nyu        a  000 v eng d</controlfield>
    <datafield tag="245" ind1="1" ind2="0">
      <subfield code="a">data: leader/06 m 008/26 a</subfield>
    </datafield>
  </record>