
  <!-- leader/07 s, no 006, 008/21 m - book (monographic series) -->
  <record>
    <leader>01952cas  2200457Ia 45í0</leader>
    <controlfield tag="001">aleader07s00821m</controlfield>
    <controlfield tag="008">780930m19391944nyu   m       000 v eng d</controlfield>
    <datafield tag="245" ind1="1" ind2="0">
      <subfield code="a">book (monographic series): leader/07 s, no 006 and 008/21 m</subfield>
    </datafield>
  </record>