
  <!-- leader/07 b, 006/00 s, 008/21 m - serial publication -->
  <record>
    <leader>01952cab  2200457Ia 45í0</leader>
    <controlfield tag="001">aleader07b00600s00821m</controlfield>
    <controlfield tag="006">s        h        </controlfield>
    <controlfield tag="008">780930m19391944nyu   m       000 v eng d</controlfield>
    <datafield tag="245" ind1="1" ind2="0">
      <subfield code="a">serial publication: leader/07 b, 006/00 s, 006/04 blank, 008/21 d</subfield>
    </datafield>
  </record>