

  <!-- leader/07 b, 006/00 s, 006/04 m, 008/21 d - book (monographic series) -->
  <record>
    <leader>01952cab  2200457Ia 45í0</leader>
    <controlfield tag="001">a223344</controlfield>
    <controlfield tag="006">s   m    h        </controlfield>
    <controlfield tag="008">780930m19391944nyu   d       000 v eng d</controlfield>
    <datafield tag="245" ind1="1" ind2="0">
      <subfield code="a">book (monographic series): leader/07 b, 006/00 s, 006/04 m, 008/21 d</subfield>
    </datafield>
  </record>