

  <!-- leader/07 s, 006/00 j, 008/21 d - other (updating database) -->
  <record>
    <leader>01952cas  2200457Ia 45í0</leader>
    <controlfield tag="001">aleader07s00600j00821d</controlfield>
    <controlfield tag="006">j        h        </controlfield>
    <controlfield tag="008">780930m19391944nyu   d       000 v eng d</controlfield>
    <datafield tag="245" ind1="1" ind2="0">
      <subfield code="a">other (updating database): leader/07s, 006/00 j and 008/21 d</subfield>
    </datafield>
  </record>