  
  <!-- leader/07 s, no 006, 008/21 n - newspaper -->
  <record>
    <leader>01952cas  2200457Ia 45í0</leader>
    <controlfield tag="001">aleader07sNo00600821n</controlfield>
    <controlfield tag="008">780930m19391944nyu   n       000 v eng d</controlfield>
    <datafield tag="245" ind1="1" ind2="0">
      <subfield code="a">newspaper: leader/07s, no 006, and 008/21 n</subfield>
    </datafield>
  </record>