
  <!-- leader/07 b, 006/00 s, 006/04 w, 008/21 n - Other -->
  <record>
    <leader>01952cab  2200457Ia 45í0</leader>
    <controlfield tag="001">aleader07b00600s00821n</controlfield>
    <controlfield tag="006">s   w    h        </controlfield>
    <controlfield tag="008">780930m19391944nyu   n       000 v eng d</controlfield>
    <datafield tag="245" ind1="1" ind2="0">
      <subfield code="a">Other: leader/07 b, 006/00 s 006/04 w and 008/21 n</subfield>
    </datafield>
  </record>