
  <!-- leader/07 b, 006/00 s, 008/21 w - other (web site) -->
  <record>
    <leader>01952cab  2200457Ia 45í0</leader>
    <controlfield tag="001">aleader07b00600s00821w</controlfield>
    <controlfield tag="006">s   w    h        </controlfield>
    <controlfield tag="008">780930m19391944nyu   w       000 v eng d</controlfield>
    <datafield tag="245" ind1="1" ind2="0">
      <subfield code="a">other (web site): leader/07 b, 006/00 s and 008/21 w</subfield>
    </datafield>
  </record>