
  
  <!-- format Serial Publication:  leader/07 s and 008/21 blank (ignore DEWEYPER in 999w) -->
  <record>
    <leader>01247cas a2200337 a 4500</leader>
    <controlfield tag="001">a446688</controlfield>
    <controlfield tag="008">830415c19809999vauuu    a    0    0eng  </controlfield>
    <datafield tag="245" ind1="0" ind2="0">
      <subfield code="a">format serial publication:  ignore from DEWEYPER in 999w</subfield>
    </datafield>
    <datafield tag="999" ind1=" " ind2=" ">
      <subfield code="a">666.27 .F22</subfield>
      <subfield code="w">DEWEYPER</subfield>
      <subfield code="c">1</subfield>
      <subfield code="i">36105007402873</subfield>
      <subfield code="d">2/5/2004</subfield>
      <subfield code="e">9/3/1998</subfield>
      <subfield code="l">STACKS</subfield>
      <subfield code="m">GREEN</subfield>
      <subfield code="n">1</subfield>
      <subfield code="p">$40.00</subfield>
      <subfield code="q">4</subfield>
      <subfield code="r">Y</subfield>
      <subfield code="s">Y</subfield>
      <subfield code="t">STKS-MONO</subfield>
      <subfield code="u">4/15/1983</subfield>
      <subfield code="o">.TECHSTAFF. #16/i:jrt</subfield>
    </datafield>
  </record>