
  
  <!-- format Serial Publication; leader/07 s 008/21 blank, 65x sub v  -->
  <record>
    <leader>01823cas a22004457a 4500</leader>
    <controlfield tag="001">a4114632</controlfield>
    <controlfield tag="008">961105d19961996dcuuuu       f0    0eng d</controlfield>
    <datafield tag="245" ind1="0" ind2="0">
      <subfield code="a">format Serial Publication; leader/07 s 008/21 blank, 65x sub v "Periodicals"</subfield>
    </datafield>
    <datafield tag="300" ind1=" " ind2=" ">
      <subfield code="a">1 v. :</subfield>
      <subfield code="b">ill. ;</subfield>
      <subfield code="c">28 cm</subfield>
    </datafield>
    <datafield tag="310" ind1=" " ind2=" ">
      <subfield code="a">Annual</subfield>
    </datafield>
    <datafield tag="500" ind1=" " ind2=" ">
      <subfield code="a">"Investigation No. 332-345"--Cover p. 1.</subfield>
    </datafield>
    <datafield tag="500" ind1=" " ind2=" ">
      <subfield code="a">Distributed to depository libraries in microfiche.</subfield>
    </datafield>
    <datafield tag="515" ind1=" " ind2=" ">
      <subfield code="a">June 1996 issue covers 1995.</subfield>
    </datafield>
    <datafield tag="550" ind1=" " ind2=" ">
      <subfield code="a">Prepared by: Office of Industries.</subfield>
    </datafield>
    <datafield tag="650" ind1=" " ind2="0">
      <subfield code="a">Industrial statistics</subfield>
      <subfield code="v">Periodicals.</subfield>
    </datafield>
    <datafield tag="651" ind1=" " ind2="0">
      <subfield code="a">United States</subfield>
      <subfield code="v">Periodicals.</subfield>
    </datafield>
    <datafield tag="999" ind1=" " ind2=" ">
      <subfield code="a">ITC 1.15/3:</subfield>
      <subfield code="w">SUDOC</subfield>
      <subfield code="c">1</subfield>
      <subfield code="i">4114632-1001</subfield>
      <subfield code="d">7/12/1999</subfield>
      <subfield code="l">FED-DOCS</subfield>
      <subfield code="m">GREEN</subfield>
      <subfield code="r">Y</subfield>
      <subfield code="s">Y</subfield>
      <subfield code="t">GOVSTKS</subfield>
      <subfield code="u">7/12/1999</subfield>
      <subfield code="x">MARCIVE</subfield>
    </datafield>
  </record>