
  
  <!-- format Serial Publication; leader/07 b, 006/00 s, 006/04 blank, 008/21 blank  -->
  <record>
    <leader>01823cab a22004457a 4500</leader>
    <controlfield tag="001">a123</controlfield>
    <controlfield tag="006">s        h        </controlfield>
    <controlfield tag="008">961105d19961996dcuuuu       f0    0eng d</controlfield>
    <datafield tag="245" ind1="0" ind2="0">
      <subfield code="a">format Serial Publication; leader/07 b, 006/00 s, 006/04 blank, 008/21 blank</subfield>
    </datafield>
  </record>