
  <!-- Other; leader/07 b, 006/00 s, 006/04 d, 008/21 |  -->
  <record>
    <leader>01823cab a22004457a 4500</leader>
    <controlfield tag="001">a321</controlfield>
    <controlfield tag="006">s   d    h        </controlfield>
    <controlfield tag="008">961105d19961996dcuuuu|      f0    0eng d</controlfield>
    <datafield tag="245" ind1="0" ind2="0">
      <subfield code="a">Other; leader/07 b, 006/00 s, 006/04 |, 008/21 |</subfield>
    </datafield>
  </record>