
  
  <!-- Book: monographic series -->
  <record>
    <leader>00868cas a22002294a 4500</leader>
    <controlfield tag="001">a5987319</controlfield>
    <controlfield tag="008">050823c20029999ohuuu m       0    0eng d</controlfield>
    <datafield tag="245" ind1="0" ind2="0">
      <subfield code="a">Book: leader/07 s  and 008/21 m</subfield>
    </datafield>
  </record>