
  <!-- Book: monographic series -->
  <record>
    <leader>01068cas a2200277 a 4500</leader>
    <controlfield tag="001">a5598989</controlfield>
    <controlfield tag="008">030807c20029999nyufx m       0    0eng c</controlfield>
    <datafield tag="245" ind1="0" ind2="0">
      <subfield code="a">Book: leader/07 s  and 008/21 m</subfield>
    </datafield>
  </record>