
  
  <!-- Journal: leader/07 s 008/21 d, 006/00 s 006/04 p -->
  <record>
    <leader>01068cas a2200277 a 4500</leader>
    <controlfield tag="001">a335577</controlfield>
    <controlfield tag="006">s   p    h        </controlfield>
    <controlfield tag="008">030807c20029999nyufx         0    0eng c</controlfield>
    <datafield tag="245" ind1="0" ind2="0">
      <subfield code="a">Journal: leader/07 s 008/21 d, 006/00 s 006/04 p</subfield>
    </datafield>
  </record>