
  
  <!-- Newspaper: leader/07 s 008/21 d, 006/00 s 006/04 n -->
  <record>
    <leader>01068cas a2200277 a 4500</leader>
    <controlfield tag="001">a334455</controlfield>
    <controlfield tag="006">s   n    h        </controlfield>
    <controlfield tag="008">030807c20029999nyufx d       0    0eng c</controlfield>
    <datafield tag="245" ind1="0" ind2="0">
      <subfield code="a">Newspaper: leader/07 s 008/21 d, 006/00 s 006/04 n</subfield>
    </datafield>
  </record>