
  
  <!-- Conference Proceedings  -->
  <record>
    <leader>04473cam a2200313Ia 4500</leader>
    <controlfield tag="001">a666</controlfield>
    <controlfield tag="008">040202s2003    fi g     b    100 0deng d</controlfield>
    <datafield tag="245" ind1="1" ind2="4">
      <subfield code="a">more conference proceedings</subfield>
    </datafield>
    <datafield tag="650" ind1=" " ind2="0">
      <subfield code="a">Music</subfield>
      <subfield code="v">Congresses.</subfield>
    </datafield>
  </record>

</collection>